% Encoding: UTF-8
%please read the documentation of Biblatex first!

@Online{changedetection,
  author  = {N. Goyette and P.-M. Jodoin and F. Porikli and J. Konrad and P. Ishwar},
  title   = {changedetection.net: A new change detection benchmark dataset},
  year    = {2012},
  date    = {2018-05-27},
  url     = {http://changedetection.net/},
  urldate = {2018-05-17},
  label   = {cd},
}

For the stereo 2015, flow 2015 and scene flow 2015 benchmarks, please cite:
@INPROCEEDINGS{Menze2015CVPR,
  author = {Moritz Menze and Andreas Geiger},
  title = {Object Scene Flow for Autonomous Vehicles},
  booktitle = {Conference on Computer Vision and Pattern	Recognition (CVPR)},
  year = {2015}
}

@Online{opencv,
  author = {OpenCV team},
  title  = {OpenCV - About},
  date   = {2018-09-05},
  url    = {https://opencv.org/about.html},
}

@Online{opencv_nvidia,
  author = {NVIDIA Corporation},
  title  = {NVidia - What is OpenCV?},
  date   = {2018-09-10},
  url    = {https://developer.nvidia.com/opencv},
}

@WWW{opencv_wikipedia,
  author = {Wikipedia contributors},
  title  = {Wikipedia - OpenCV},
  date   = {2018-09-10},
  url    = {https://de.wikipedia.org/wiki/OpenCV},
}

@Conference{stereo_globallocal,
  author = {Daniel Scharstein and Richard Szeliski and Ramin Zabih},
  title  = {A Taxonomy and Evaluation of Dense Two-Frame Stereo Correspondence Algrithms},
  year   = {2001},
  date   = {2018-05-15},
}

@WWW{matching_cost,
  author = {Andrea Fusiello},
  title  = {Stereo Matching: an Overview},
  date   = {2018-08-15},
  url    = {http://www.diegm.uniud.it/fusiello/teaching/mvg/stereo.pdf},
}

@WWW{background_wikipedia,
  author = {Wikipedia contributors},
  title  = {Wikipedia - Foreground detection},
  date   = {2018-08-25},
  url    = {https://en.wikipedia.org/wiki/Foreground_detection},
}

@InProceedings{background_threeframediff,
  author    = {Z. Xu and D. Zhang and L. Du},
  title     = {Moving Object Detection Based on Improved Three Frame Difference and Background Subtraction},
  booktitle = {2017 International Conference on Industrial Informatics - Computing Technology, Intelligent Technology, Industrial Information Integration (ICIICII)},
  year      = {2017},
  month     = {Dec},
  pages     = {79-82},
  doi       = {10.1109/ICIICII.2017.79},
  keywords  = {Gaussian processes;image motion analysis;mixture models;object detection;background subtraction;moving object detection algorithm;Gaussian mixture model algorithm;traditional three frame difference method;comprehensive foreground image;three frame difference;foreground extraction;AND operation;Gaussian distribution;Gaussian mixture model;Object detection;Computational modeling;Optical flow;Automation;improvement of three frame difference;mixture of Gaussian model;moving object detection},
}

@Comment{jabref-meta: databaseType:biblatex;}
